<?xml version="1.0" encoding="UTF-8"?><collection xmlns="http://www.loc.gov/MARC21/slim"><record><leader>00397nam--2200145-i-4500</leader><controlfield tag="001">000001831</controlfield><controlfield tag="002">20161230</controlfield><controlfield tag="005">20161230201024</controlfield><controlfield tag="008">060222s1000------------r-----000-0-eng-d</controlfield><datafield ind1=" " ind2=" " tag="080"><subfield code="a">536.75</subfield></datafield><datafield ind1=" " ind2=" " tag="100"><subfield code="a">Godefroy, L</subfield></datafield><datafield ind1=" " ind2=" " tag="245"><subfield code="a">Elements de statistique quantique appliquee a la thermodynamique isotherme</subfield></datafield><datafield ind1=" " ind2=" " tag="260"><subfield code="a">Paris, Dunod, 1965. Xii + 188 P</subfield></datafield><datafield ind1=" " ind2=" " tag="490"><subfield code="a">Monographies  Dunod</subfield></datafield><datafield ind1=" " ind2=" " tag="852"><subfield code="a">23954</subfield></datafield></record></collection>